@misc{github,
  author = {Justin Bedwany},
  title = {COMP3100-Assignment},
  year = {2023},
  publisher = {GitHub},
  journal = {GitHub repository},
  howpublished = {\url{https://github.com/jbedwany/COMP3100-Assignment}},
}

@manual{javadoc,
    title = "The Java Language Environment",
    year = "1999",
    author = {{Sun Microsystems}},
    url = {https://www.oracle.com/java/technologies/introduction-to-java.html}
}

@manual{javatypes,
    title = "Dynamic Typing vs. Static Typing",
    year = "2015",
    author = {{Oracle}},
    url = {https://docs.oracle.com/cd/E57471_01/bigData.100/extensions_bdd/src/cext_transform_typing.html}
}

